<ENVELOPE>
 <HEADER>
  <TALLYREQUEST>Import Data</TALLYREQUEST>
 </HEADER>
 <BODY>
  <IMPORTDATA>
   <REQUESTDESC>
    <REPORTNAME>All Masters</REPORTNAME>
    <STATICVARIABLES>
     <SVCURRENTCOMPANY>Vaibhav</SVCURRENTCOMPANY>
    </STATICVARIABLES>
   </REQUESTDESC>
   <REQUESTDATA>
    <TALLYMESSAGE xmlns:UDF="TallyUDF">
     <VOUCHER REMOTEID="6693b1a4-8c69-4689-bb16-fc9f21b79993-00000012" VCHKEY="6693b1a4-8c69-4689-bb16-fc9f21b79993-0000b32e:00000008" VCHTYPE="Payment" ACTION="Create" OBJVIEW="Accounting Voucher View">
      <OLDAUDITENTRYIDS.LIST TYPE="Number">
       <OLDAUDITENTRYIDS>-1</OLDAUDITENTRYIDS>
      </OLDAUDITENTRYIDS.LIST>
      <DATE>20250802</DATE>
      <VCHSTATUSDATE>20250802</VCHSTATUSDATE>
      <GUID>6693b1a4-8c69-4689-bb16-fc9f21b79993-00000012</GUID>
      <NARRATION>Annual insurance premium paid</NARRATION>
      <VOUCHERTYPENAME>Payment</VOUCHERTYPENAME>
      <GSTREGISTRATION TAXTYPE="GST" TAXREGISTRATION="">Vaibhav F Prasad</GSTREGISTRATION>
      <PARTYLEDGERNAME>HDFC Current A/c</PARTYLEDGERNAME>
      <VOUCHERNUMBER>8</VOUCHERNUMBER>
      <CMPGSTREGISTRATIONTYPE>Regular</CMPGSTREGISTRATIONTYPE>
      <NUMBERINGSTYLE>Auto Retain</NUMBERINGSTYLE>
      <CSTFORMISSUETYPE>&#4; Not Applicable</CSTFORMISSUETYPE>
      <CSTFORMRECVTYPE>&#4; Not Applicable</CSTFORMRECVTYPE>
      <FBTPAYMENTTYPE>Default</FBTPAYMENTTYPE>
      <PERSISTEDVIEW>Accounting Voucher View</PERSISTEDVIEW>
      <VCHSTATUSTAXADJUSTMENT>Default</VCHSTATUSTAXADJUSTMENT>
      <VCHSTATUSVOUCHERTYPE>Payment</VCHSTATUSVOUCHERTYPE>
      <VCHSTATUSTAXUNIT>Vaibhav F Prasad</VCHSTATUSTAXUNIT>
      <VCHGSTCLASS>&#4; Not Applicable</VCHGSTCLASS>
      <VOUCHERTYPEORIGNAME>Payment</VOUCHERTYPEORIGNAME>
      <DIFFACTUALQTY>No</DIFFACTUALQTY>
      <ISMSTFROMSYNC>No</ISMSTFROMSYNC>
      <ISDELETED>No</ISDELETED>
      <ISSECURITYONWHENENTERED>No</ISSECURITYONWHENENTERED>
      <ASORIGINAL>No</ASORIGINAL>
      <AUDITED>No</AUDITED>
      <ISCOMMONPARTY>No</ISCOMMONPARTY>
      <FORJOBCOSTING>No</FORJOBCOSTING>
      <ISOPTIONAL>No</ISOPTIONAL>
      <EFFECTIVEDATE>20250802</EFFECTIVEDATE>
      <USEFOREXCISE>No</USEFOREXCISE>
      <ISFORJOBWORKIN>No</ISFORJOBWORKIN>
      <ALLOWCONSUMPTION>No</ALLOWCONSUMPTION>
      <USEFORINTEREST>No</USEFORINTEREST>
      <USEFORGAINLOSS>No</USEFORGAINLOSS>
      <USEFORGODOWNTRANSFER>No</USEFORGODOWNTRANSFER>
      <USEFORCOMPOUND>No</USEFORCOMPOUND>
      <USEFORSERVICETAX>No</USEFORSERVICETAX>
      <ISREVERSECHARGEAPPLICABLE>No</ISREVERSECHARGEAPPLICABLE>
      <ISSYSTEM>No</ISSYSTEM>
      <ISFETCHEDONLY>No</ISFETCHEDONLY>
      <ISGSTOVERRIDDEN>No</ISGSTOVERRIDDEN>
      <ISCANCELLED>No</ISCANCELLED>
      <ISONHOLD>No</ISONHOLD>
      <ISSUMMARY>No</ISSUMMARY>
      <ISECOMMERCESUPPLY>No</ISECOMMERCESUPPLY>
      <ISBOENOTAPPLICABLE>No</ISBOENOTAPPLICABLE>
      <ISGSTSECSEVENAPPLICABLE>No</ISGSTSECSEVENAPPLICABLE>
      <IGNOREEINVVALIDATION>No</IGNOREEINVVALIDATION>
      <CMPGSTISOTHTERRITORYASSESSEE>No</CMPGSTISOTHTERRITORYASSESSEE>
      <PARTYGSTISOTHTERRITORYASSESSEE>No</PARTYGSTISOTHTERRITORYASSESSEE>
      <IRNJSONEXPORTED>No</IRNJSONEXPORTED>
      <IRNCANCELLED>No</IRNCANCELLED>
      <IGNOREGSTCONFLICTINMIG>No</IGNOREGSTCONFLICTINMIG>
      <ISOPBALTRANSACTION>No</ISOPBALTRANSACTION>
      <IGNOREGSTFORMATVALIDATION>No</IGNOREGSTFORMATVALIDATION>
      <ISELIGIBLEFORITC>Yes</ISELIGIBLEFORITC>
      <IGNOREGSTOPTIONALUNCERTAIN>No</IGNOREGSTOPTIONALUNCERTAIN>
      <UPDATESUMMARYVALUES>No</UPDATESUMMARYVALUES>
      <ISEWAYBILLAPPLICABLE>No</ISEWAYBILLAPPLICABLE>
      <ISDELETEDRETAINED>No</ISDELETEDRETAINED>
      <ISNULL>No</ISNULL>
      <ISEXCISEVOUCHER>No</ISEXCISEVOUCHER>
      <EXCISETAXOVERRIDE>No</EXCISETAXOVERRIDE>
      <USEFORTAXUNITTRANSFER>No</USEFORTAXUNITTRANSFER>
      <ISEXER1NOPOVERWRITE>No</ISEXER1NOPOVERWRITE>
      <ISEXF2NOPOVERWRITE>No</ISEXF2NOPOVERWRITE>
      <ISEXER3NOPOVERWRITE>No</ISEXER3NOPOVERWRITE>
      <IGNOREPOSVALIDATION>No</IGNOREPOSVALIDATION>
      <EXCISEOPENING>No</EXCISEOPENING>
      <USEFORFINALPRODUCTION>No</USEFORFINALPRODUCTION>
      <ISTDSOVERRIDDEN>No</ISTDSOVERRIDDEN>
      <ISTCSOVERRIDDEN>No</ISTCSOVERRIDDEN>
      <ISTDSTCSCASHVCH>No</ISTDSTCSCASHVCH>
      <INCLUDEADVPYMTVCH>No</INCLUDEADVPYMTVCH>
      <ISSUBWORKSCONTRACT>No</ISSUBWORKSCONTRACT>
      <ISVATOVERRIDDEN>No</ISVATOVERRIDDEN>
      <IGNOREORIGVCHDATE>No</IGNOREORIGVCHDATE>
      <ISVATPAIDATCUSTOMS>No</ISVATPAIDATCUSTOMS>
      <ISDECLAREDTOCUSTOMS>No</ISDECLAREDTOCUSTOMS>
      <VATADVANCEPAYMENT>No</VATADVANCEPAYMENT>
      <VATADVPAY>No</VATADVPAY>
      <ISCSTDELCAREDGOODSSALES>No</ISCSTDELCAREDGOODSSALES>
      <ISVATRESTAXINV>No</ISVATRESTAXINV>
      <ISSERVICETAXOVERRIDDEN>No</ISSERVICETAXOVERRIDDEN>
      <ISISDVOUCHER>No</ISISDVOUCHER>
      <ISEXCISEOVERRIDDEN>No</ISEXCISEOVERRIDDEN>
      <ISEXCISESUPPLYVCH>No</ISEXCISESUPPLYVCH>
      <GSTNOTEXPORTED>No</GSTNOTEXPORTED>
      <IGNOREGSTINVALIDATION>No</IGNOREGSTINVALIDATION>
      <ISGSTREFUND>No</ISGSTREFUND>
      <OVRDNEWAYBILLAPPLICABILITY>No</OVRDNEWAYBILLAPPLICABILITY>
      <ISVATPRINCIPALACCOUNT>No</ISVATPRINCIPALACCOUNT>
      <VCHSTATUSISVCHNUMUSED>No</VCHSTATUSISVCHNUMUSED>
      <VCHGSTSTATUSISINCLUDED>No</VCHGSTSTATUSISINCLUDED>
      <VCHGSTSTATUSISUNCERTAIN>No</VCHGSTSTATUSISUNCERTAIN>
      <VCHGSTSTATUSISEXCLUDED>No</VCHGSTSTATUSISEXCLUDED>
      <VCHGSTSTATUSISAPPLICABLE>No</VCHGSTSTATUSISAPPLICABLE>
      <VCHGSTSTATUSISGSTR2BRECONCILED>No</VCHGSTSTATUSISGSTR2BRECONCILED>
      <VCHGSTSTATUSISGSTR2BONLYINPORTAL>No</VCHGSTSTATUSISGSTR2BONLYINPORTAL>
      <VCHGSTSTATUSISGSTR2BONLYINBOOKS>No</VCHGSTSTATUSISGSTR2BONLYINBOOKS>
      <VCHGSTSTATUSISGSTR2BMISMATCH>No</VCHGSTSTATUSISGSTR2BMISMATCH>
      <VCHGSTSTATUSISGSTR2BINDIFFPERIOD>No</VCHGSTSTATUSISGSTR2BINDIFFPERIOD>
      <VCHGSTSTATUSISRETEFFDATEOVERRDN>No</VCHGSTSTATUSISRETEFFDATEOVERRDN>
      <VCHGSTSTATUSISOVERRDN>No</VCHGSTSTATUSISOVERRDN>
      <VCHGSTSTATUSISSTATINDIFFDATE>No</VCHGSTSTATUSISSTATINDIFFDATE>
      <VCHGSTSTATUSISRETINDIFFDATE>No</VCHGSTSTATUSISRETINDIFFDATE>
      <VCHGSTSTATUSMAINSECTIONEXCLUDED>No</VCHGSTSTATUSMAINSECTIONEXCLUDED>
      <VCHGSTSTATUSISBRANCHTRANSFEROUT>No</VCHGSTSTATUSISBRANCHTRANSFEROUT>
      <VCHGSTSTATUSISSYSTEMSUMMARY>No</VCHGSTSTATUSISSYSTEMSUMMARY>
      <VCHSTATUSISUNREGISTEREDRCM>No</VCHSTATUSISUNREGISTEREDRCM>
      <VCHSTATUSISOPTIONAL>No</VCHSTATUSISOPTIONAL>
      <VCHSTATUSISCANCELLED>No</VCHSTATUSISCANCELLED>
      <VCHSTATUSISDELETED>No</VCHSTATUSISDELETED>
      <VCHSTATUSISOPENINGBALANCE>No</VCHSTATUSISOPENINGBALANCE>
      <VCHSTATUSISFETCHEDONLY>No</VCHSTATUSISFETCHEDONLY>
      <VCHGSTSTATUSISOPTIONALUNCERTAIN>No</VCHGSTSTATUSISOPTIONALUNCERTAIN>
      <VCHSTATUSISREACCEPTFORHSNDONE>No</VCHSTATUSISREACCEPTFORHSNDONE>
      <VCHSTATUSISREACCEPHSNSIXONEDONE>No</VCHSTATUSISREACCEPHSNSIXONEDONE>
      <PAYMENTLINKHASMULTIREF>No</PAYMENTLINKHASMULTIREF>
      <ISSHIPPINGWITHINSTATE>No</ISSHIPPINGWITHINSTATE>
      <ISOVERSEASTOURISTTRANS>No</ISOVERSEASTOURISTTRANS>
      <ISDESIGNATEDZONEPARTY>No</ISDESIGNATEDZONEPARTY>
      <HASCASHFLOW>Yes</HASCASHFLOW>
      <ISPOSTDATED>No</ISPOSTDATED>
      <USETRACKINGNUMBER>No</USETRACKINGNUMBER>
      <ISINVOICE>No</ISINVOICE>
      <MFGJOURNAL>No</MFGJOURNAL>
      <HASDISCOUNTS>No</HASDISCOUNTS>
      <ASPAYSLIP>No</ASPAYSLIP>
      <ISCOSTCENTRE>No</ISCOSTCENTRE>
      <ISSTXNONREALIZEDVCH>No</ISSTXNONREALIZEDVCH>
      <ISEXCISEMANUFACTURERON>No</ISEXCISEMANUFACTURERON>
      <ISBLANKCHEQUE>No</ISBLANKCHEQUE>
      <ISVOID>No</ISVOID>
      <ORDERLINESTATUS>No</ORDERLINESTATUS>
      <VATISAGNSTCANCSALES>No</VATISAGNSTCANCSALES>
      <VATISPURCEXEMPTED>No</VATISPURCEXEMPTED>
      <ISVATRESTAXINVOICE>No</ISVATRESTAXINVOICE>
      <VATISASSESABLECALCVCH>No</VATISASSESABLECALCVCH>
      <ISVATDUTYPAID>Yes</ISVATDUTYPAID>
      <ISDELIVERYSAMEASCONSIGNEE>No</ISDELIVERYSAMEASCONSIGNEE>
      <ISDISPATCHSAMEASCONSIGNOR>No</ISDISPATCHSAMEASCONSIGNOR>
      <ISDELETEDVCHRETAINED>No</ISDELETEDVCHRETAINED>
      <VCHONLYADDLINFOUPDATED>No</VCHONLYADDLINFOUPDATED>
      <CHANGEVCHMODE>No</CHANGEVCHMODE>
      <RESETIRNQRCODE>No</RESETIRNQRCODE>
      <ALTERID> 18</ALTERID>
      <MASTERID> 18</MASTERID>
      <VOUCHERKEY>197010149867528</VOUCHERKEY>
      <VOUCHERRETAINKEY>29</VOUCHERRETAINKEY>
      <VOUCHERNUMBERSERIES>Default</VOUCHERNUMBERSERIES>
      <EWAYBILLDETAILS.LIST>      </EWAYBILLDETAILS.LIST>
      <EXCLUDEDTAXATIONS.LIST>      </EXCLUDEDTAXATIONS.LIST>
      <OLDAUDITENTRIES.LIST>      </OLDAUDITENTRIES.LIST>
      <ACCOUNTAUDITENTRIES.LIST>      </ACCOUNTAUDITENTRIES.LIST>
      <AUDITENTRIES.LIST>      </AUDITENTRIES.LIST>
      <DUTYHEADDETAILS.LIST>      </DUTYHEADDETAILS.LIST>
      <GSTADVADJDETAILS.LIST>      </GSTADVADJDETAILS.LIST>
      <CONTRITRANS.LIST>      </CONTRITRANS.LIST>
      <EWAYBILLERRORLIST.LIST>      </EWAYBILLERRORLIST.LIST>
      <IRNERRORLIST.LIST>      </IRNERRORLIST.LIST>
      <HARYANAVAT.LIST>      </HARYANAVAT.LIST>
      <SUPPLEMENTARYDUTYHEADDETAILS.LIST>      </SUPPLEMENTARYDUTYHEADDETAILS.LIST>
      <INVOICEDELNOTES.LIST>      </INVOICEDELNOTES.LIST>
      <INVOICEORDERLIST.LIST>      </INVOICEORDERLIST.LIST>
      <INVOICEINDENTLIST.LIST>      </INVOICEINDENTLIST.LIST>
      <ATTENDANCEENTRIES.LIST>      </ATTENDANCEENTRIES.LIST>
      <ORIGINVOICEDETAILS.LIST>      </ORIGINVOICEDETAILS.LIST>
      <INVOICEEXPORTLIST.LIST>      </INVOICEEXPORTLIST.LIST>
      <ALLLEDGERENTRIES.LIST>
       <OLDAUDITENTRYIDS.LIST TYPE="Number">
        <OLDAUDITENTRYIDS>-1</OLDAUDITENTRYIDS>
       </OLDAUDITENTRYIDS.LIST>
       <LEDGERNAME>Insurance Expense</LEDGERNAME>
       <GSTCLASS>&#4; Not Applicable</GSTCLASS>
       <ISDEEMEDPOSITIVE>Yes</ISDEEMEDPOSITIVE>
       <LEDGERFROMITEM>No</LEDGERFROMITEM>
       <REMOVEZEROENTRIES>No</REMOVEZEROENTRIES>
       <ISPARTYLEDGER>No</ISPARTYLEDGER>
       <GSTOVERRIDDEN>No</GSTOVERRIDDEN>
       <ISGSTASSESSABLEVALUEOVERRIDDEN>No</ISGSTASSESSABLEVALUEOVERRIDDEN>
       <STRDISGSTAPPLICABLE>No</STRDISGSTAPPLICABLE>
       <STRDGSTISPARTYLEDGER>No</STRDGSTISPARTYLEDGER>
       <STRDGSTISDUTYLEDGER>No</STRDGSTISDUTYLEDGER>
       <CONTENTNEGISPOS>No</CONTENTNEGISPOS>
       <ISLASTDEEMEDPOSITIVE>Yes</ISLASTDEEMEDPOSITIVE>
       <ISCAPVATTAXALTERED>No</ISCAPVATTAXALTERED>
       <ISCAPVATNOTCLAIMED>No</ISCAPVATNOTCLAIMED>
       <AMOUNT>-12000.00</AMOUNT>
       <SERVICETAXDETAILS.LIST>       </SERVICETAXDETAILS.LIST>
       <BANKALLOCATIONS.LIST>       </BANKALLOCATIONS.LIST>
       <BILLALLOCATIONS.LIST>       </BILLALLOCATIONS.LIST>
       <INTERESTCOLLECTION.LIST>       </INTERESTCOLLECTION.LIST>
       <OLDAUDITENTRIES.LIST>       </OLDAUDITENTRIES.LIST>
       <ACCOUNTAUDITENTRIES.LIST>       </ACCOUNTAUDITENTRIES.LIST>
       <AUDITENTRIES.LIST>       </AUDITENTRIES.LIST>
       <INPUTCRALLOCS.LIST>       </INPUTCRALLOCS.LIST>
       <DUTYHEADDETAILS.LIST>       </DUTYHEADDETAILS.LIST>
       <EXCISEDUTYHEADDETAILS.LIST>       </EXCISEDUTYHEADDETAILS.LIST>
       <RATEDETAILS.LIST>       </RATEDETAILS.LIST>
       <SUMMARYALLOCS.LIST>       </SUMMARYALLOCS.LIST>
       <CENVATDUTYALLOCATIONS.LIST>       </CENVATDUTYALLOCATIONS.LIST>
       <STPYMTDETAILS.LIST>       </STPYMTDETAILS.LIST>
       <EXCISEPAYMENTALLOCATIONS.LIST>       </EXCISEPAYMENTALLOCATIONS.LIST>
       <TAXBILLALLOCATIONS.LIST>       </TAXBILLALLOCATIONS.LIST>
       <TAXOBJECTALLOCATIONS.LIST>       </TAXOBJECTALLOCATIONS.LIST>
       <TDSEXPENSEALLOCATIONS.LIST>       </TDSEXPENSEALLOCATIONS.LIST>
       <VATSTATUTORYDETAILS.LIST>       </VATSTATUTORYDETAILS.LIST>
       <COSTTRACKALLOCATIONS.LIST>       </COSTTRACKALLOCATIONS.LIST>
       <REFVOUCHERDETAILS.LIST>       </REFVOUCHERDETAILS.LIST>
       <INVOICEWISEDETAILS.LIST>       </INVOICEWISEDETAILS.LIST>
       <VATITCDETAILS.LIST>       </VATITCDETAILS.LIST>
       <ADVANCETAXDETAILS.LIST>       </ADVANCETAXDETAILS.LIST>
       <TAXTYPEALLOCATIONS.LIST>       </TAXTYPEALLOCATIONS.LIST>
      </ALLLEDGERENTRIES.LIST>
      <ALLLEDGERENTRIES.LIST>
       <OLDAUDITENTRYIDS.LIST TYPE="Number">
        <OLDAUDITENTRYIDS>-1</OLDAUDITENTRYIDS>
       </OLDAUDITENTRYIDS.LIST>
       <LEDGERNAME>HDFC Current A/c</LEDGERNAME>
       <GSTCLASS>&#4; Not Applicable</GSTCLASS>
       <ISDEEMEDPOSITIVE>No</ISDEEMEDPOSITIVE>
       <LEDGERFROMITEM>No</LEDGERFROMITEM>
       <REMOVEZEROENTRIES>No</REMOVEZEROENTRIES>
       <ISPARTYLEDGER>Yes</ISPARTYLEDGER>
       <GSTOVERRIDDEN>No</GSTOVERRIDDEN>
       <ISGSTASSESSABLEVALUEOVERRIDDEN>No</ISGSTASSESSABLEVALUEOVERRIDDEN>
       <STRDISGSTAPPLICABLE>No</STRDISGSTAPPLICABLE>
       <STRDGSTISPARTYLEDGER>No</STRDGSTISPARTYLEDGER>
       <STRDGSTISDUTYLEDGER>No</STRDGSTISDUTYLEDGER>
       <CONTENTNEGISPOS>No</CONTENTNEGISPOS>
       <ISLASTDEEMEDPOSITIVE>No</ISLASTDEEMEDPOSITIVE>
       <ISCAPVATTAXALTERED>No</ISCAPVATTAXALTERED>
       <ISCAPVATNOTCLAIMED>No</ISCAPVATNOTCLAIMED>
       <AMOUNT>12000.00</AMOUNT>
       <SERVICETAXDETAILS.LIST>       </SERVICETAXDETAILS.LIST>
       <BANKALLOCATIONS.LIST>       </BANKALLOCATIONS.LIST>
       <BILLALLOCATIONS.LIST>       </BILLALLOCATIONS.LIST>
       <INTERESTCOLLECTION.LIST>       </INTERESTCOLLECTION.LIST>
       <OLDAUDITENTRIES.LIST>       </OLDAUDITENTRIES.LIST>
       <ACCOUNTAUDITENTRIES.LIST>       </ACCOUNTAUDITENTRIES.LIST>
       <AUDITENTRIES.LIST>       </AUDITENTRIES.LIST>
       <INPUTCRALLOCS.LIST>       </INPUTCRALLOCS.LIST>
       <DUTYHEADDETAILS.LIST>       </DUTYHEADDETAILS.LIST>
       <EXCISEDUTYHEADDETAILS.LIST>       </EXCISEDUTYHEADDETAILS.LIST>
       <RATEDETAILS.LIST>       </RATEDETAILS.LIST>
       <SUMMARYALLOCS.LIST>       </SUMMARYALLOCS.LIST>
       <CENVATDUTYALLOCATIONS.LIST>       </CENVATDUTYALLOCATIONS.LIST>
       <STPYMTDETAILS.LIST>       </STPYMTDETAILS.LIST>
       <EXCISEPAYMENTALLOCATIONS.LIST>       </EXCISEPAYMENTALLOCATIONS.LIST>
       <TAXBILLALLOCATIONS.LIST>       </TAXBILLALLOCATIONS.LIST>
       <TAXOBJECTALLOCATIONS.LIST>       </TAXOBJECTALLOCATIONS.LIST>
       <TDSEXPENSEALLOCATIONS.LIST>       </TDSEXPENSEALLOCATIONS.LIST>
       <VATSTATUTORYDETAILS.LIST>       </VATSTATUTORYDETAILS.LIST>
       <COSTTRACKALLOCATIONS.LIST>       </COSTTRACKALLOCATIONS.LIST>
       <REFVOUCHERDETAILS.LIST>       </REFVOUCHERDETAILS.LIST>
       <INVOICEWISEDETAILS.LIST>       </INVOICEWISEDETAILS.LIST>
       <VATITCDETAILS.LIST>       </VATITCDETAILS.LIST>
       <ADVANCETAXDETAILS.LIST>       </ADVANCETAXDETAILS.LIST>
       <TAXTYPEALLOCATIONS.LIST>       </TAXTYPEALLOCATIONS.LIST>
      </ALLLEDGERENTRIES.LIST>
      <GST.LIST>      </GST.LIST>
      <STKJRNLADDLCOSTDETAILS.LIST>      </STKJRNLADDLCOSTDETAILS.LIST>
      <PAYROLLMODEOFPAYMENT.LIST>      </PAYROLLMODEOFPAYMENT.LIST>
      <ATTDRECORDS.LIST>      </ATTDRECORDS.LIST>
      <GSTEWAYCONSIGNORADDRESS.LIST>      </GSTEWAYCONSIGNORADDRESS.LIST>
      <GSTEWAYCONSIGNEEADDRESS.LIST>      </GSTEWAYCONSIGNEEADDRESS.LIST>
      <TEMPGSTRATEDETAILS.LIST>      </TEMPGSTRATEDETAILS.LIST>
      <TEMPGSTADVADJUSTED.LIST>      </TEMPGSTADVADJUSTED.LIST>
      <GSTBUYERADDRESS.LIST>      </GSTBUYERADDRESS.LIST>
      <GSTCONSIGNEEADDRESS.LIST>      </GSTCONSIGNEEADDRESS.LIST>
     </VOUCHER>
    </TALLYMESSAGE>
   </REQUESTDATA>
  </IMPORTDATA>
 </BODY>
</ENVELOPE>

